<?xml version="1.0" encoding="UTF-8"?><collection xmlns="http://www.loc.gov/MARC21/slim"><record><leader>00376nam--2200145-i-4500</leader><controlfield tag="001">000013427</controlfield><controlfield tag="002">20161230</controlfield><controlfield tag="005">20170304181724</controlfield><controlfield tag="008">060222s1000------------r-----000-0-eng-d</controlfield><datafield ind1=" " ind2=" " tag="245"><subfield code="a">Principles of radiopharmacology</subfield></datafield><datafield ind1=" " ind2=" " tag="260"><subfield code="a">Boca Raton</subfield><subfield code="b">Crc Press, Inc</subfield><subfield code="c">1979</subfield></datafield><datafield ind1=" " ind2=" " tag="300"><subfield code="a">281 p</subfield></datafield><datafield ind1=" " ind2=" " tag="700"><subfield code="a">Colombett, Lelio G</subfield></datafield><datafield ind1=" " ind2=" " tag="852"><subfield code="a">615.849:621.039.85</subfield></datafield><datafield ind1=" " ind2=" " tag="CAT"><subfield code="a">SYS</subfield><subfield code="c">20170304</subfield><subfield code="h">181724</subfield></datafield></record></collection>